@inproceedings{AguilarSaavedra:2018nen,
	author = "Barducci, D. and others",
	editor = "Aguilar-Saavedra, Juan Antonio and Degrande, C. and Durieux, G. and Maltoni, F. and Vryonidou, E. and Zhang, C.",
	title = "{Interpreting top-quark LHC measurements in the standard-model effective field theory}",
	eprint = "1802.07237",
	archivePrefix = "arXiv",
	primaryClass = "hep-ph",
	reportNumber = "CERN-LPCC-2018-01",
	year = "2018"
}

@article{Sirunyan:2020tqm,
	author = "Sirunyan, Albert M and others",
	collaboration = "CMS",
	title = "{Search for new physics in top quark production with additional leptons in proton-proton collisions at $\sqrt{s} = $ 13 TeV using effective field theory}",
	eprint = "2012.04120",
	archivePrefix = "arXiv",
	primaryClass = "hep-ex",
	reportNumber = "CMS-TOP-19-001, CERN-EP-2020-211",
	month = "12",
	year = "2020"
}